@article{einstein,
    author =       "Albert Einstein",
    title =        "{Zur Elektrodynamik bewegter K{\"o}rper}. ({German})
        [{On} the electrodynamics of moving bodies]",
    journal =      "Annalen der Physik",
    volume =       "322",
    number =       "10",
    pages =        "891--921",
    year =         "1905",
    DOI =          "http://dx.doi.org/10.1002/andp.19053221004"
}

@book{latexcompanion,
    author    = "Michel Goossens and Frank Mittelbach and Alexander Samarin",
    title     = "The \LaTeX\ Companion",
    year      = "1993",
    publisher = "Addison-Wesley",
    address   = "Reading, Massachusetts"
}

@misc{moviles,
    author    = "Juan Antonio Pascual Estap\'e",
    year="2018",
    title     = "M\'oviles gaming: son una amenaza para las consolas?",
    url       = "https://www.hobbyconsolas.com/listas/moviles-gaming-son-amenaza-consolas-342681"
}

@misc{futuro,
    author    = "David Sanmart\'in",
year="2019",
    title     = "El futuro y los retos del `gaming' para tel\'efonos m\'oviles",
    url       = "https://retina.elpais.com/retina/2019/08/27/innovacion/1566898640_613309.html"
}
@misc{scrum,
    author    = "Schwaber",
    title     = "SCRUM Development Process",
    url       = "http://agilix.nl/resources/scrum_OOPSLA_95.pdf"
}

@book{entradasalida,
author = "George Beekman",
title = "Introducci\'on a la Computaci\'on",
year = "1999"
}

@misc{historiateclados,
    author    = "TANIA ALONSO CASCALLANA",
    title     =" Teclas que se atascaban y vendedores con truco: esta es la historia del teclado de ordenador",
    url       = "https://www.nobbot.com/pantallas/historia-teclado/"
}

@misc{jimmy,
    author    = "Jimmy Stamp",
    title     =" Fact of Fiction? The Legend of the QWERTY Keyboard",
    url       = "https://www.smithsonianmag.com/arts-culture/fact-of-fiction-the-legend-of-the-qwerty-keyboard-49863249/"
}

@misc{xerox,
    author    = "Daniel Entrialgo",
    title     ="Xerox Alto, el ordenador maldito que nunca se vendi\'o pero 'inspir\'o' (e hizo ricos) a Steve Jobs y Bill Gates",
    url       = "https://www.eleconomista.es/status/noticias/10455084/04/20/Xerox-Alto-el-ordenador-maldito-que-nunca-se-vendio-pero-inspiro-e-hizo-ricos-a-Steve-Jobs-y-Bill-Gates.html"
}

@misc{tenispara2,
    author    = "Juan Antonio Pascual Estap√©",
    title     ="Tennis for Two, el primer videojuego, cumple 60 a\~nos",
    url       = "https://computerhoy.com/noticias/gaming/tennis-two-primer-videojuego-cumple-60-anos-318133"
}
